@book{grubb2003software,
  title={Software maintenance: concepts and practice},
  author={Grubb, Penny and Takang, Armstrong A},
  year={2003},
  publisher={World Scientific}
}

@article{schneidewind1987state,
  title={The state of software maintenance},
  author={Schneidewind, Norman F.},
  journal={IEEE Transactions on Software Engineering},
  number={3},
  pages={303--310},
  year={1987},
  publisher={IEEE}
}

@inproceedings{heitlager2007practical,
  title={A practical model for measuring maintainability},
  author={Heitlager, Ilja and Kuipers, Tobias and Visser, Joost},
  booktitle={Quality of Information and Communications Technology, 2007. QUATIC 2007. 6th International Conference on the},
  pages={30--39},
  year={2007},
  organization={IEEE}
}

@inproceedings{nagappan2006mining,
  title={Mining metrics to predict component failures},
  author={Nagappan, Nachiappan and Ball, Thomas and Zeller, Andreas},
  booktitle={Proceedings of the 28th international conference on Software engineering},
  pages={452--461},
  year={2006},
  organization={ACM}
}

@inproceedings{riaz2009systematic,
  title={A systematic review of software maintainability prediction and metrics},
  author={Riaz, Mehwish and Mendes, Emilia and Tempero, Ewan},
  booktitle={Proceedings of the 2009 3rd International Symposium on Empirical Software Engineering and Measurement},
  pages={367--377},
  year={2009},
  organization={IEEE Computer Society}
}

@inproceedings{finlay2011mining,
  title={Mining software metrics from Jazz},
  author={Finlay, Jacqui and Connor, Andy M and Pears, Russel},
  booktitle={Software Engineering Research, Management and Applications (SERA), 2011 9th International Conference on},
  pages={39--45},
  year={2011},
  organization={IEEE}
}

@article{dejaeger2012data,
  title={Data mining techniques for software effort estimation: a comparative study},
  author={Dejaeger, Karel and Verbeke, Wouter and Martens, David and Baesens, Bart},
  journal={Software Engineering, IEEE Transactions on},
  volume={38},
  number={2},
  pages={375--397},
  year={2012},
  publisher={IEEE}
}

@article{dick2004data,
  title={Data mining in software metrics databases},
  author={Dick, Scott and Meeks, Aleksandra and Last, Mark and Bunke, Horst and Kandel, Abraham},
  journal={Fuzzy Sets and Systems},
  volume={145},
  number={1},
  pages={81--110},
  year={2004},
  publisher={Elsevier}
}

@mastersthesis{lep2013noise,
    author    = "Adrian-Vlad Lep",
    title     = "Noise detection in software engineering datasets using Gaussian Processes",
    school    = "University of Amsterdam",
    year      = {2013}
}

@phdthesis{liebchen2010data,
  title={Data cleaning techniques for software engineering data sets},
  author={Liebchen, Gernot Armin},
  year={2010},
  school={Brunel University, School of Information Systems, Computing and Mathematics}
}

@article{kagdi2007survey,
  title={A survey and taxonomy of approaches for mining software repositories in the context of software evolution},
  author={Kagdi, Huzefa and Collard, Michael L and Maletic, Jonathan I},
  journal={Journal of Software Maintenance and Evolution: Research and Practice},
  volume={19},
  number={2},
  pages={77--131},
  year={2007},
  publisher={Wiley Online Library}
}

@inproceedings{nikora2003understanding,
  title={Understanding the nature of software evolution},
  author={Nikora, Allen P and Munson, John C},
  booktitle={Software Maintenance, 2003. ICSM 2003. Proceedings. International Conference on},
  pages={83--93},
  year={2003},
  organization={IEEE}
}

@inproceedings{tu2002integrated,
  title={An integrated approach for studying architectural evolution},
  author={Tu, Qiang and Godfrey, Michael W},
  booktitle={Program Comprehension, 2002. Proceedings. 10th International Workshop on},
  pages={127--136},
  year={2002},
  organization={IEEE}
}

@article{fernandez2014potential,
  title={Potential and limitations of the ISBSG dataset in enhancing software engineering research: A mapping review},
  author={Fern{\'a}ndez-Diego, Marta and Gonz{\'a}lez-Ladr{\'o}n-de-Guevara, Fernando},
  journal={Information and Software Technology},
  volume={56},
  number={6},
  pages={527--544},
  year={2014},
  publisher={Elsevier}
}

@book{hill2010practical,
  title={Practical Software Project Estimation: A Toolkit for Estimating Software Development Effort \& Duration},
  author={Hill, Peter and others},
  year={2010},
  publisher={McGraw Hill Professional}
}
@inproceedings{lenarduzzi2014estimating,
  title={Estimating Software Development Effort Based on Phases},
  author={Lenarduzzi, Valentina and Morasca, Sandro and Taibi, Davide},
  booktitle={Software Engineering and Advanced Applications (SEAA), 2014 40th EUROMICRO Conference on},
  pages={305--308},
  year={2014},
  organization={IEEE}
}

@article{chapin2001types,
  title={Types of software evolution and software maintenance},
  author={Chapin, Ned and Hale, Joanne E and Khan, Khaled Md and Ramil, Juan F and Tan, Wui-Gee},
  journal={Journal of software maintenance and evolution: Research and Practice},
  volume={13},
  number={1},
  pages={3--30},
  year={2001},
  publisher={Wiley Online Library}
}

@article{kitchenham2002empirical,
  title={An empirical study of maintenance and development estimation accuracy},
  author={Kitchenham, Barbara and Pfleeger, Shari Lawrence and McColl, Beth and Eagan, Suzanne},
  journal={Journal of systems and software},
  volume={64},
  number={1},
  pages={57--77},
  year={2002},
  publisher={Elsevier}
}

@inproceedings{niessink1997predicting,
  title={Predicting maintenance effort with function points},
  author={Niessink, Frank and Van Vliet, Hans},
  booktitle={Software Maintenance, 1997. Proceedings., International Conference on},
  pages={32--39},
  year={1997},
  organization={IEEE}
}

@article{jorgensen1995experience,
  title={Experience with the accuracy of software maintenance task effort prediction models},
  author={Jorgensen, Magne},
  journal={Software Engineering, IEEE Transactions on},
  volume={21},
  number={8},
  pages={674--681},
  year={1995},
  publisher={IEEE}
}

@inproceedings{hayes2004metrics,
  title={A metrics-based software maintenance effort model},
  author={Hayes, Jane Huffman and Patel, Sandip C and Zhao, Liming},
  booktitle={null},
  pages={254},
  year={2004},
  organization={IEEE}
}

@article{leung2002estimating,
  title={Estimating maintenance effort by analogy},
  author={Leung, Hareton KN},
  journal={Empirical Software Engineering},
  volume={7},
  number={2},
  pages={157--175},
  year={2002},
  publisher={Springer}
}

@inproceedings{basgalupp2012predicting,
  title={Predicting software maintenance effort through evolutionary-based decision trees},
  author={Basgalupp, M{\'a}rcio P and Barros, Rodrigo C and Ruiz, Duncan D},
  booktitle={Proceedings of the 27th Annual ACM Symposium on Applied Computing},
  pages={1209--1214},
  year={2012},
  organization={ACM}
}

@book{kanti1979multivariate,
    author    = "Kanti Mardia and J. Kent and J. Bibby",
    title     = "Multivariate Analysis",
    year      = "1979",
    publisher = "ACADEMIC PRESS",
}

@article{hall2009weka,
  title={The WEKA data mining software: an update},
  author={Hall, Mark and Frank, Eibe and Holmes, Geoffrey and Pfahringer, Bernhard and Reutemann, Peter and Witten, Ian H},
  journal={ACM SIGKDD explorations newsletter},
  volume={11},
  number={1},
  pages={10--18},
  year={2009},
  publisher={ACM}
}

@techreport{towards,
title = {Towards Building a Software Quality Prediction Model},
author ={Till D{\"o}hmen and Davide Ceolin and Joost Visser},
year = 2015,
institution = {Software Improvement Group}
}

@Manual{iso25010,
  title = 		 {{ISO/IEC 25010:2011 - Systems and software engineering - Systems and software Quality Requirements and Evaluation (SQuaRE) - System and software quality models}},
  organization = {{ISO/IEC}},
  year = 	 2011}

@article{lehman1980programs,
  title={Programs, life cycles, and laws of software evolution},
  author={Lehman, Meir M},
  journal={Proceedings of the IEEE},
  volume=68,
  number=9,
  pages={1060--1076},
  year=1980,
  publisher={IEEE}
}

@TechReport{sig-maintainability-model,
  author = 		 {Visser, J.},
  title = 		 {{SIG/T\"UViT Evaluation Criteria Trusted Product Maintainability}},
  institution =  {Software Improvement Group},
  year = 		 2015,
  number = 	 {7.1},
  url = {https://www.sig.eu/en/about-sig/publications/sigtuvit-evaluation-criteria-trusted-product-maintainability},
  month = 	 {April}}

@inproceedings{alves2010deriving,
  title={Deriving metric thresholds from benchmark data},
  author={Alves, Tiago L and Ypma, Christiaan and Visser, Joost},
  booktitle={Proceedings of the 2010 IEEE International Conference on Software Maintenance (ICSM)},
  year=2010,
  organization={IEEE}
}

@article{bruntink2015towards,
  title={Towards base rates in software analytics: Early results and challenges from studying Ohloh},
  author={Bruntink, Magiel},
  journal={Science of Computer Programming},
  volume=97,
  pages={135--142},
  year=2015,
  publisher={Elsevier}
}

@inproceedings{kuipers2004portfoliomonitoring,
author = {Kuipers, T and Visser, J},
title = {{A Tool-based Methodology for Software Portfolio Monitoring}},
booktitle = {Proceedings of the 1st International Workshop on Software Audit and Metrics},
year = 2004,
pages = {118--128},
publisher = {INSTICC Press.},
rating = 0,
date-added = {2014-05-08T12:20:52GMT},
date-modified = {2014-05-08T12:20:52GMT},
uri = {\url{papers2://publication/uuid/8A1BB989-645A-406F-9CE2-FA0B56227EF3}}
}

@inproceedings{alves2011categories,
author = {Alves, T L},
title = {{Categories of Source Code in Industrial Systems}},
booktitle = {Proceedings of the 2011 International Symposium on Empirical Software Engineering and Measurement},
year = 2011,
pages = {335--338},
publisher = {IEEE Computer Society},
rating = 0,
date-added = {2014-05-08T12:20:51GMT},
date-modified = {2014-05-08T12:20:51GMT},
uri = {\url{papers2://publication/uuid/9B4500A7-0D0A-435D-8BAF-8B5703277E44}}
}

